@misc{DEAF,
    author = "Rachel Elaine",
    title = "{H}ow {D}eaf {P}eople {E}xperience {M}usic",
    year = {2017},
}
@inproceedings{IoMusT,
author = {Turchet, Luca and Fischione, Carlo and Barthet, Mathieu},
year = {2017},
month = {07},
pages = {},
title = {Towards the Internet of Musical Things}
}
@inbook{Haptic,
author = {Papetti, Stefano and Saitis, Charalampos},
year = {2018},
month = {05},
pages = {1-7},
title = {Musical Haptics: Introduction},
isbn = {978-3-319-58315-0},
doi = {10.1007/978-3-319-58316-7_1}
}
@article{SBC,
author = {Cusick, James and Miller, William and Laurita, Nicholas and Pott, Tasha},
year = {2014},
month = {12},
pages = {},
title  = {Design, Construction, and Use of a Single Board Computer Beowulf Cluster: Application of the Small-Footprint, Low-Cost, InSignal 5420 Octa Board},
journal = {Arxiv}
}
@misc{Midi,
author = {Alexis Rohlin},
title = "{H}ow to {U}se  {M}{I}{D}{I} {C}able {I}n \& {O}ut {P}lugs",
note = "\url{https://smallbusiness.chron.com/use-midi-cable-out-plugs-49492.html}"
}
@misc{RaspPi,
title = "{G}{P}{I}{O}",
note = "\url{https://www.raspberrypi.org/documentation/usage/gpio/}"
}
@misc{LRA,
title = "{A}n {I}ntroduction {T}o {V}ibration {M}otors",
note = "\url{https://www.precisionmicrodrives.com/vibration-motors/}" 
}
@misc{MidiSoftware,
title = "{M}{I}{D}{I} {T}utorial",
note = "\url{https://www.cs.cmu.edu/~music/cmsip/readings/MIDI\%20tutorial\%20for\%20programmers.html}"
}